Category, Title, Price, Price Per Unit, Packsize, Image Link
baby baby-food,Mamia Baby Fruit 4 Months+ 120g ,$0.89,74c per 100g,120g,https://www.aldi.com.au/fileadmin/_processed_/f/2/csm_ALN2460_Q3_WEB_AUDIT_Babycare__1x1_228x128_05849678b9.jpg
baby baby-food,Mamia Baby’s First Breakfast 4mth+ Fruit & Cereal,$0.89,74c per 100g,4mth,https://www.aldi.com.au/fileadmin/_processed_/8/5/csm_ALN1726-2_1x1_BABYCARE_228x128__e191cf1e0e.jpg
baby baby-food,Mamia Baby Food Desserts 6 Months+ 120g  ,$0.89,74c per 100g,120g,https://www.aldi.com.au/fileadmin/_processed_/6/1/csm_ALN1726-2_1x1_BABYCARE_228x128_2_6a94e6f69f.jpg
baby baby-food,Mamia Premium Baby Food 6+ Months 120g ,$0.89,74c per 100g,120g,https://www.aldi.com.au/fileadmin/_processed_/2/4/csm_ALN1726-2_1x1_BABYCARE_228x128_3_89e6473daf.jpg
baby baby-food,Mamia Baby Food 6 Months+ 120g ,$0.89,74c per 100g,120g,https://www.aldi.com.au/fileadmin/_processed_/b/3/csm_ALN2147_1x1_BABYCARE_228x128__f9064a6f41.jpg
baby baby-food,Mamia Fruit Snack Cereal Bars Apple 12+ months 8pk 128g ,$0.89,74c per 100g,128g,https://www.aldi.com.au/fileadmin/_processed_/7/d/csm_ALN1726-2_1x1_BABYCARE_228x128_6_11a2b1eaad.jpg
baby baby-food,Mamia Fruit Snack Cereal Bars Apple Blueberry & Banana 12+ months 8pk 128g ,$0.89,74c per 100g,128g,https://www.aldi.com.au/fileadmin/_processed_/d/2/csm_ALN3077_BABY-FOOD_1x1_228x128_6_f49ac9d357.jpg
baby baby-food,Mamia Fruit Snack Cereal Bars Apple & Raspberry 12+ months 8pk 128g ,$2.79,$2.18 per 100g,128g,https://www.aldi.com.au/fileadmin/_processed_/3/9/csm_ALN3077_BABY-FOOD_1x1_228x128__22705daf2f.jpg
baby baby-food,Mamia Fruit & Oat Bars 90g - Strawberry 12+ Months ,$2.79,$2.18 per 100g,90g,https://www.aldi.com.au/fileadmin/_processed_/0/f/csm_ALN3077_BABY-FOOD_1x1_228x128_2_e2c70a0032.jpg
baby baby-food,Mamia Fruit & Oat Bars 90g - Apple & Raisin with Yogurt 12+ Months ,$2.79,$2.18 per 100g,90g,https://www.aldi.com.au/fileadmin/_processed_/b/2/csm_ALN3077_BABY-FOOD_1x1_228x128_3_a2af7a0934.jpg
baby baby-food,Mamia Fruit & Oat Bars 90g - Apricot 12+ Months ,$2.99,$3.32 per 100g,90g,https://www.aldi.com.au/fileadmin/_processed_/7/b/csm_ALN1726-2_1x1_BABYCARE_228x128_10_b7583c7371.jpg
baby baby-food,Mamia Organic Apple Mini Rice Cakes 40g ,$2.99,$3.32 per 100g,40g,https://www.aldi.com.au/fileadmin/_processed_/1/f/csm_ALN1726-2_1x1_BABYCARE_228x128_11_9425bc2423.jpg
baby baby-food,Mamia Organic Raspberry Mini Rice Cakes 40g ,$2.99,$3.32 per 100g,40g,https://www.aldi.com.au/fileadmin/_processed_/a/b/csm_ALN1726-2_1x1_BABYCARE_228x128_12_b3734ae39b.jpg
baby baby-food,Mamia Infant Formula Toddler Step 3 900g ,$2.49,$6.23 per 100g,900g,https://www.aldi.com.au/fileadmin/_processed_/2/5/csm_ALN3077_BABY-FOOD_1x1_228x128_4_e5faa35b4b.jpg
baby baby-food,Mamia Organic Fruit 4 months+ 120g ,$2.49,$6.23 per 100g,120g,https://www.aldi.com.au/fileadmin/_processed_/8/6/csm_ALN3077_BABY-FOOD_1x1_228x128_5_df85b20479.jpg
laundry-household household,Power Force Gel Toilet Discs 75ml ,$4.99,$6.65 per 100ml,75ml,https://www.aldi.com.au/fileadmin/_processed_/0/4/csm_ALN2364_AWARDS_HOME_CLEANING_1x1_228x128__df81e22722.jpg
laundry-household household,Power Force Anti Bac Plus Surface Spray Disinfectant 300g ,$3.69,$1.23 per 100g,300g,https://www.aldi.com.au/fileadmin/_processed_/3/4/csm_ALN2619_Q4_WEB_AUDIT_HOUSEHOLD_1x1_228x128_7_R_79e17b707d.jpg
laundry-household household,Logix Complete Dishwashing Tablets 30pk ,$4.29,14c per tablet,30pk,https://www.aldi.com.au/fileadmin/_processed_/4/9/csm_ALN3248_Q1_WEB-AUDIT__HOUSEHOLD__1x1_228x128_1_aad92f09bd.jpg
laundry-household household,Logix Platinum Dishwashing Tablets 40pk ,$7.69,19c per tablet,40pk,https://www.aldi.com.au/fileadmin/_processed_/5/1/csm_ALN3248_Q1_WEB-AUDIT__HOUSEHOLD__1x1_228x128_2_4005e23ecc.jpg
laundry-household household,Atlas Kill & Protect High Performance Surface & Cockroach Spray 350g ,$2.69,77c per 100g,350g,https://www.aldi.com.au/fileadmin/_processed_/a/d/csm_ALN2364_AWARDS_HOUSEHOLD_1x1_228x128__c17879937f.jpg
laundry-household household,Atlas Kill & Protect Fast Knockdown Flying Insect Spray 300g ,$2.39,80c per 100g,300g,https://www.aldi.com.au/fileadmin/_processed_/c/a/csm_ALN2364_AWARDS_HOUSEHOLD_1x1_228x128_2_5f362f794e.jpg
laundry-household household,Power Force Pro Multi Purpose Cleaner 750ml ,$1.79,24c per 100ml,750ml,https://www.aldi.com.au/fileadmin/_processed_/8/f/csm_ALN2991_AWARDS_HOUSEHOLD_1x1_228x128_4_abbabb6b20.jpg
laundry-household household,Power Force Pro Bath & Shower Cleaner 750ml ,$2.39,32c per 100ml,750ml,https://www.aldi.com.au/fileadmin/_processed_/b/0/csm_ALN2853_AWARDS_HOUSEHOLD_1x1_228x128__ddce1e329c.jpg
laundry-household household,Power Force Pro Heavy Duty Cleaner 1.25L ,$2.19,18c per 100ml,25L,https://www.aldi.com.au/fileadmin/_processed_/0/f/csm_ALN2853_AWARDS_HOUSEHOLD_1x1_228x128_2_3d36a4ff15.jpg
laundry-household household,Tandil Ultra Dishwashing Liquid 450ml ,$1.59,35c per 100ml,450ml,https://www.aldi.com.au/fileadmin/_processed_/6/f/csm_ALN3077_AWARDS-LAUNDRY-HOUSEHOLD_1x1_228x128__15b73ca48b.jpg
laundry-household household,Power Force Pro Disinfectant Wipes 120pk ,$2.99,$2.50 per 100 wipes,120pk,https://www.aldi.com.au/fileadmin/_processed_/6/7/csm_ALN2853_AWARDS_HOUSEHOLD_1x1_228x128_3_cd147d9a8f.jpg
laundry-household household,Confidence Samson Paper Towel 3ply 3pk ,$2.99,$1.66 per 100 sheets ($1.00 per roll),3pk,https://www.aldi.com.au/fileadmin/_processed_/9/5/csm_ALN2364_HOUSEHOLD_1x1_228x128_7_3124977ae3.jpg
laundry-household household,Confidence Toilet Tissue Hypoallgerenic 4ply 8pk   ,$3.99,36c per 100 sheets (50c per roll),8pk,https://www.aldi.com.au/fileadmin/_processed_/f/5/csm_ALN2364_HOUSEHOLD_1x1_228x128_8_5bc08f7f42.jpg
laundry-household laundry,Trimat Advanced Laundry Liquid 2L – Regular ,$7.99,$4 per litre,2L,https://www.aldi.com.au/fileadmin/_processed_/2/3/csm_ALN3248_Q1_WEB-AUDIT__LAUNDRY__1x1_228x128_2_9f0c8f4f4d.jpg
laundry-household laundry,Trimat Advanced Laundry Liquid 2L – Sensitive ,$7.99,$4 per litre,2L,https://www.aldi.com.au/fileadmin/_processed_/5/8/csm_ALN3248_Q1_WEB-AUDIT__LAUNDRY__1x1_228x128_3_4095ed6e26.jpg
laundry-household laundry,Almat Laundry Powder Concentrate 2kg ,$4.99,$2.50 per kg,2kg,https://www.aldi.com.au/fileadmin/_processed_/8/6/csm_ALN2364_AWARDS_HOME_CLEANING_1x1_228x128_9_e4de55715b.jpg
laundry-household laundry,Almat Laundry Liquid Concentrate 2L ,$4.99,$2.50 per litre,2L,https://www.aldi.com.au/fileadmin/_processed_/a/8/csm_ALN3077_LAUNDRY_1x1_228x128_3_b60ed568a8.jpg
laundry-household laundry,Di San Pre Wash Stain Remover 500ml – Degreaser ,$1.29,not available,500ml,https://www.aldi.com.au/fileadmin/_processed_/e/f/csm_ALN2364_AWARDS_HOME_CLEANING_1x1_228x128_3_ff4a4ad151.jpg
laundry-household laundry,Di-San Pre Wash Stain Remover 500ml ,$3.69,$2.58 per litre,500ml,https://www.aldi.com.au/fileadmin/_processed_/c/9/csm_ALN3248_Q1_WEB-AUDIT__LAUNDRY__1x1_228x128_1_84870866e9.jpg
laundry-household laundry,Di San Laundry Sanitiser 1L          ,$3.59,$3.69 per Litre,1L,https://www.aldi.com.au/fileadmin/_processed_/2/f/csm_ALN2362_Di_San_Laundry_Sanitiser_1L_1x1_228x128_0f2461ae49.jpg
laundry-household laundry,Anco Soft Fabric Softener 4x Concentrate 1L ,$0.99,$3.59 per litre,1L,https://www.aldi.com.au/fileadmin/_processed_/9/5/csm_ALN3077_LAUNDRY_1x1_228x128_2_fb4e788e95.jpg
laundry-household laundry,Anco Soft Fabric Softener Concentrate 250ml ,$2.79,$3.96 per Litre,250ml,https://www.aldi.com.au/fileadmin/_processed_/d/4/csm_ALN3248_Q1_WEB-AUDIT__LAUNDRY__1x1_228x128_5_69fbf659d8.jpg
laundry-household laundry,Anco Soft Fabric Softener 2L ,$1.99,$1.40 per Litre,2L,https://www.aldi.com.au/fileadmin/_processed_/a/4/csm_ALN3248_Q1_WEB-AUDIT__LAUNDRY__1x1_228x128_4_90eba228a7.jpg
laundry-household laundry,Green Action Laundry Liquid 1L ,$1.99,$1.99 per litre,1L,https://www.aldi.com.au/fileadmin/_processed_/f/8/csm_ALN2230_Q1_LAUNDRY_1x1_228x128_7_2a94549594.jpg
laundry-household laundry,Green Action Wool Wash 1L ,$1.49,$1.99 per litre,1L,https://www.aldi.com.au/fileadmin/_processed_/1/9/csm_ALN2230_Q1_LAUNDRY_1x1_228x128_6_c3c49badde.jpg
laundry-household laundry,Laundrite Laundry Liquid 2L ,$3.69,0.75c per Litre,2L,https://www.aldi.com.au/fileadmin/_processed_/9/a/csm_ALN2619_Q4_WEB_AUDIT_LAUNDRY_1x1_228x128__650d15b9ec.jpg
laundry-household laundry,Laundrite Laundry Powder 4kg ,see price in store*,0.92c per kg,4kg,https://www.aldi.com.au/fileadmin/_processed_/a/6/csm_ALN2619_Q4_WEB_AUDIT_LAUNDRY_1x1_228x128_2_b0a7d7c968.jpg
baby nappies-and-wipes,MAMIA® Unisex Newborn Nappies  ,$3.99,14c per nappy, ,https://www.aldi.com.au/fileadmin/_processed_/2/7/csm_ALN3077_AWARD_NAPPIES_1x1_228x128__f9bd3e8363.jpg
baby nappies-and-wipes,MAMIA® Unisex Crawler Nappies 6kg-11kg 56pk ,$9.99,18c per nappy,56pk,https://www.aldi.com.au/fileadmin/_processed_/4/e/csm_ALN3077_AWARD_NAPPIES_1x1_228x128_2_9895863bf6.jpg
baby nappies-and-wipes,MAMIA® Unisex Toddler Nappies 10kg-15kg 50pk ,$9.99,18c per nappy,50pk,https://www.aldi.com.au/fileadmin/_processed_/6/d/csm_ALN3077_AWARD_NAPPIES_1x1_228x128_3_3e8bd649f8.jpg
baby nappies-and-wipes,MAMIA® Unisex Walker Nappies 13kg-18kg 44pk ,$9.99,20c per nappy,44pk,https://www.aldi.com.au/fileadmin/_processed_/7/5/csm_ALN3077_AWARD_NAPPIES_1x1_228x128_4_4488933568.jpg
baby nappies-and-wipes,MAMIA® Unisex Junior Nappies 16kg-25kg 40pk ,$9.99,23c per nappy,40pk,https://www.aldi.com.au/fileadmin/_processed_/b/3/csm_ALN3077_AWARD_NAPPIES_1x1_228x128_5_24d1115ec7.jpg
baby nappies-and-wipes,Mamia Baby Wipes 80pk Scented ,$9.99,25c per nappy,80pk,https://www.aldi.com.au/fileadmin/_processed_/5/c/csm_ALN3077_AWARD_NAPPIES_1x1_228x128_6_26cfa6aa0e.jpg
baby nappies-and-wipes,Mamia Baby Wipes 80pk Fragrance Free ,$1.89,not available,80pk,https://www.aldi.com.au/fileadmin/_processed_/6/4/csm_ALN3248_Q1_WEB-AUDIT__BABY__1x1_228x128_1_d23450f8af.jpg
baby nappies-and-wipes,Mamia Premium Baby Wipes Fragrance Free 240pk ,$1.89,not available,240pk,https://www.aldi.com.au/fileadmin/_processed_/b/3/csm_ALN3248_Q1_WEB-AUDIT__BABY__1x1_228x128_2_c0056a4c8c.jpg
baby nappies-and-wipes,Mamia Baby Wipes 480pk Fragance free ,$7.69,not available,480pk,https://www.aldi.com.au/fileadmin/_processed_/a/f/csm_ALN1075_1x1_BABY_228x128_7_0bde3ee9ed.jpg
baby nappies-and-wipes,Mamia Baby Wipes Embossed Fragrance Free 80pk ,$8.99,not available,80pk,https://www.aldi.com.au/fileadmin/_processed_/0/b/csm_ALN3248_Q1_WEB-AUDIT__BABY__1x1_228x128_5_485caf9727.jpg
baby nappies-and-wipes,Mamia Baby Wipes Embossed Scented 80pk ,$2.69,not available,80pk,https://www.aldi.com.au/fileadmin/_processed_/2/f/csm_ALN3248_Q1_WEB-AUDIT__BABY__1x1_228x128_3_78fb28cd7c.jpg
pantry coffee,Expressi Organic ,$5.99,37c per capsule,16pk,https://www.aldi.com.au/fileadmin/_processed_/9/9/csm_ALN2853_EXPRESSI_COFFEE_1x1_228x128_2_5c3430b56b.jpg
pantry coffee,Expressi Calabrese ,$5.99,37c per capsule,16pk,https://www.aldi.com.au/fileadmin/_processed_/3/2/csm_ALN2853_EXPRESSI_COFFEE_1x1_228x128_3_c2752b84ae.jpg
pantry coffee,Expressi Abruzzo ,$5.99,37c per capsule,16pk,https://www.aldi.com.au/fileadmin/_processed_/9/b/csm_ALN2853_EXPRESSI_COFFEE_1x1_228x128_4_d0ff45e335.jpg
pantry coffee,Expressi La Spezia ,$5.99,37c per capsule,16pk,https://www.aldi.com.au/fileadmin/_processed_/e/1/csm_ALN2853_EXPRESSI_COFFEE_1x1_228x128_5_d0eb83dd77.jpg
pantry coffee,Expressi Torino ,$5.99,37c per capsule,16pk,https://www.aldi.com.au/fileadmin/_processed_/b/9/csm_ALN2853_EXPRESSI_COFFEE_1x1_228x128_6_b69b12b766.jpg
pantry coffee,Expressi Milano ,$5.99,37c per capsule,16pk,https://www.aldi.com.au/fileadmin/_processed_/b/b/csm_ALN2853_EXPRESSI_COFFEE_1x1_228x128_7_75f08ce36c.jpg
pantry coffee,Expressi Reggio ,$5.99,37c per capsule,16pk,https://www.aldi.com.au/fileadmin/_processed_/0/5/csm_ALN2853_EXPRESSI_COFFEE_1x1_228x128_8_18bb2d058a.jpg
pantry coffee,Expressi Renzo ,$5.99,37c per capsule,16pk,https://www.aldi.com.au/fileadmin/_processed_/5/9/csm_ALN2853_EXPRESSI_COFFEE_1x1_228x128_9_f507d53211.jpg
pantry coffee,Expressi Decaffi ,$5.99,37c per capsule,16pk,https://www.aldi.com.au/fileadmin/_processed_/a/b/csm_ALN2853_EXPRESSI_COFFEE_1x1_228x128_10_7b082d8bdd.jpg
pantry coffee,Expressi Valletta ,$5.99,37c per capsule,16pk,https://www.aldi.com.au/fileadmin/_processed_/8/a/csm_ALN2853_EXPRESSI_COFFEE_1x1_228x128_11_38cdb4d692.jpg
pantry coffee,Expressi Tauro ,$5.99,37c per capsule,16pk,https://www.aldi.com.au/fileadmin/_processed_/8/9/csm_ALN2853_EXPRESSI_COFFEE_1x1_228x128_12_cac6acf61a.jpg
pantry coffee,Expressi Intenzo ,$5.99,37c per capsule,120g,https://www.aldi.com.au/fileadmin/_processed_/4/f/csm_ALN2853_EXPRESSI_COFFEE_1x1_228x128_15_fa0e3d4bd8.jpg
pantry coffee,Expressi Rich Hot Chocolate  ,$5.99,not available, ,https://www.aldi.com.au/fileadmin/_processed_/2/e/csm_ALN2364_EXPRESSI_COFFEE_1x1_228x128_13_4956abdbab.jpg
pantry coffee,EXPRESSI Coffee Capsule Machine – Steel Grey ,$79.99,not available, ,https://www.aldi.com.au/fileadmin/_processed_/c/d/csm_ALN2853_EXPRESSI_COFFEE_1x1_228x128_14_2e4887a4fc.jpg
pantry coffee,EXPRESSI Coffee Capsule Machine – One ,$69.99,not available, ,https://www.aldi.com.au/fileadmin/_processed_/a/7/csm_ALN3248_Q1_WEB-AUDIT__COFFEE__1x1_228x128_595d03ae5b.jpg
pantry coffee,EXPRESSI Milk Frother  ,$29.99,not available, ,https://www.aldi.com.au/fileadmin/_processed_/2/d/csm_ALC7235_1x1_228x128_9_cb3d33ef72.jpg
pantry olive-oil,Just Organic Extra Virgin Olive Oil 500ml         ,$4.69,94c per 100ml,500ml,https://www.aldi.com.au/fileadmin/_processed_/5/7/csm_ALN2230_Q1_OLIVE_OIL_1x1_228x128__a535a40aec.jpg
pantry olive-oil,Remano Olive Oil / Mild Olive Oil 1L         ,$5.99,60c per 100ml,1L,https://www.aldi.com.au/fileadmin/_processed_/b/a/csm_ALN1075_OLIVE-OIL_1x1_228x128_3_01_903bd437f6.jpg
pantry olive-oil,The Olive Tree Australian Extra Virgin Olive Oil Spray 225g       ,$2.99,$1.33 per 100g,225g,https://www.aldi.com.au/fileadmin/_processed_/f/b/csm_ALN1726-3_1x1_OLIVE-OIL_228x128__1ed3ae0fb0.jpg
pantry olive-oil,The Olive Tree Australian Extra Virgin Olive Oil 1L – Classic ,$8.99,90c per 100ml,1L,https://www.aldi.com.au/fileadmin/_processed_/4/b/csm_ALN2364_AWARDS_OILS-SAUCES_1x1_228x128__905cf88253.jpg
pantry olive-oil,The Olive Tree Australian Extra Virgin Olive Oil 3L ,$23.99,80c per 100ml,3L,https://www.aldi.com.au/fileadmin/_processed_/6/9/csm_ALN2364_AWARDS_OILS-SAUCES_1x1_228x128_2_97c6e8fa85.jpg
pantry olive-oil,Remano Extra Virgin Olive Oil 3.78L ,$19.99,53c per 100ml,78L,https://www.aldi.com.au/fileadmin/_processed_/5/4/csm_ALN1136_1x1_OIL_228x128_3_ad13e61490.jpg
pantry just-organic,Just Organic Pasta Sauces 500g ,$2.49,50c per 100g,500g,https://www.aldi.com.au/fileadmin/_processed_/9/f/csm_ALN2745_Q2_WEB_AUDIT__JUST-ORGANIC__1x1_228x128_1_a02c6a78fe.jpg
pantry just-organic,Just Organic Passata 690g ,$2.09,30c per 100g,690g,https://www.aldi.com.au/fileadmin/_processed_/3/a/csm_ALN2230_Q1_ORGANIC_1x1_228x128_3_fb7f52bc89.jpg
pantry just-organic, Just Organic Penne Pasta 500g    ,$1.59,32c per 100g,500g,https://www.aldi.com.au/fileadmin/_processed_/0/7/csm_ALN2460_Q3_WEB_AUDIT_Just_Organic__1x1_228x128_5_8820d95ba9.jpg
pantry just-organic,Just Organic Baked Beans in Tomato Sauce 420g ,$0.95,23c per 100g,420g,https://www.aldi.com.au/fileadmin/_processed_/7/f/csm_ALN2745_Q2_WEB_AUDIT__JUST-ORGANIC__1x1_228x128_2_51595ce338.jpg
pantry just-organic,Just Organic Quinoa – White or Tricolour 500g ,$6.49,$1.00 per 100g,500g,https://www.aldi.com.au/fileadmin/_processed_/f/0/csm_ALN2670_Q1_WEB_AUDIT__JUST_ORGANIC__1x1_228x128__06fd270707.jpg
pantry just-organic,Just Organic Green Tea 50pk/75g ,$2.49,$3.32 per 100g,75g,https://www.aldi.com.au/fileadmin/_processed_/b/c/csm_ALN2460_Q3_WEB_AUDIT_Just_Organic__1x1_228x128_2_1c4b59e61c.jpg
pantry just-organic,Just Organic Rooibos Tea 50pk/80g ,$2.49,$3.11 per 100g,80g,https://www.aldi.com.au/fileadmin/_processed_/d/9/csm_ALN2460_Q3_WEB_AUDIT_Just_Organic__1x1_228x128_3_f01fe6955f.jpg
pantry just-organic,Just Organic Black Tea 50pk/100g ,$2.49,$2.49 per 100g,100g,https://www.aldi.com.au/fileadmin/_processed_/f/e/csm_ALN2460_Q3_WEB_AUDIT_Just_Organic__1x1_228x128_4_18d9d12601.jpg
pantry just-organic,Organic Kombucha – Ginger & Lemon 330ml  ,$2.49,$6.03 per litre,330ml,https://www.aldi.com.au/fileadmin/_processed_/3/9/csm_ALN2230_Q1_ORGANIC_1x1_228x128_7_f1030b5e05.jpg
pantry just-organic,Organic Kombucha – Raspberry & Lemon 330ml   ,$2.49,$6.03 per litre,330ml,https://www.aldi.com.au/fileadmin/_processed_/4/a/csm_ALN2218_Q2_Just_Organic_Kombucha_Raspberry_Lemon_330ml_1x1_228x128_56311b0a66.jpg
pantry just-organic, Just Organic Apple Cider Vinegar 500ml  ,$3.29,66c per 100ml,500ml,https://www.aldi.com.au/fileadmin/_processed_/0/b/csm_ALN2230_Q1_ORGANIC_1x1_228x128_9_13ebed85c3.jpg
pantry just-organic,Just Organic UHT Milk 1L ,$1.79,$1.79 per litre,1L,https://www.aldi.com.au/fileadmin/_processed_/c/f/csm_ALN2619_Q4_WEB_AUDIT_JUST_ORGANIC_1x1_228x128__5beb2e3fe6.jpg
pantry just-organic, Just Organic UHT Soy Milk 1L    ,$1.49,$1.49 per litre,1L,https://www.aldi.com.au/fileadmin/_processed_/e/1/csm_ALN2218_Q2_Just_Organic_UHT_Soy_milk_1L_1x1_228x128_76d25f9005.jpg
pantry just-organic,Just Organic Natural Yogurt 1kg ,$4.99,50c per 100g,1kg,https://www.aldi.com.au/fileadmin/_processed_/4/5/csm_ALN2218_Q2_Just_Organic_Natural_Yoghurt_1kg_1x1_228x128_b88be6036a.jpg
pantry just-organic,Just Organic Natural Yogurt 500g ,$3.49,70c per 100g,500g,https://www.aldi.com.au/fileadmin/_processed_/1/7/csm_ALN2619_Q4_WEB_AUDIT_JUST_ORGANIC_1x1_228x128_2_57aa47f732.jpg
pantry just-organic,Just Organic Vanilla Bean Yogurt 1kg ,$4.99,50c per 100g,1kg,https://www.aldi.com.au/fileadmin/_processed_/5/4/csm_ALN2218_Q2_Just_Organic_Vanilla_Bean_Yoghurt_1kg_1x1_228x128_012c537839.jpg
pantry just-organic,Just Organic Brie 125g ,$3.99,$31.92 per kg,125g,https://www.aldi.com.au/fileadmin/_processed_/c/2/csm_ALN2362_Just_Organic_Brie_125g_1x1_228x128_53fe03b357.jpg
pantry just-organic,Just Organic Granola 500g Berry ,$4.49,90c per 100g,500g,https://www.aldi.com.au/fileadmin/_processed_/3/c/csm_ALN2218_Q2_Just_Organic_Granola_500g_Berry_1x1_228x128_01_2a453ebad6.jpg
pantry just-organic,Just Organic Granola 500g Coconut & Chia ,$4.49,90c per 100g,500g,https://www.aldi.com.au/fileadmin/_processed_/2/b/csm_ALN2853_AWARDS_JUST-ORGANIC_1x1_228x128_6b9370a881.jpg
pantry just-organic, Just Organic Sun-Dried Thompson Seedless Raisins 375g   ,$3.99,$10.64 per kg,375g,https://www.aldi.com.au/fileadmin/_processed_/8/e/csm_ALN2230_Q1_ORGANIC_1x1_228x128_13_b0a251a243.jpg
pantry just-organic,Just Organic Extra Virgin Coconut Oil 300g ,$3.99,$1.33 per 100g,300g,https://www.aldi.com.au/fileadmin/_processed_/7/7/csm_ALN2460_Q3_WEB_AUDIT_Just_Organic__1x1_228x128__bcf6122767.jpg
pantry just-organic,Just Organic Natural Coconut Flakes 200g ,$3.99,$19.95 per kg,200g,https://www.aldi.com.au/fileadmin/_processed_/2/a/csm_ALN1989_ORGANIC_1x1_33_47fd0e8f64.jpg
pantry just-organic,Just Organic Toasted Coconut Flakes with Sea Salt 140g ,$3.99,$28.50 per kg,140g,https://www.aldi.com.au/fileadmin/_processed_/8/4/csm_ALN1989_ORGANIC_1x1_34_386d507624.jpg
pantry just-organic,Just Organic Dark Chocolate with Sea Salt 100g ,$2.79,$2.79 per 100g,100g,https://www.aldi.com.au/fileadmin/_processed_/4/0/csm_ALN2460_Q3_WEB_AUDIT_Chocolate__1x1_228x128__a35e410266.jpg
pantry just-organic,Just Organic Dark Chocolate 100g ,$2.79,$2.79 per 100g,100g,https://www.aldi.com.au/fileadmin/_processed_/5/7/csm_ALN2460_Q3_WEB_AUDIT_Chocolate__1x1_228x128_2_476e50ad91.jpg
pantry just-organic,Just Organic Yogurt Assorted Varieties 70g ,$0.99,$1.41 per 100g,70g,https://www.aldi.com.au/fileadmin/_processed_/b/0/csm_ALN2218_Q2_Just_Organic_Yogurt_Assorted_Varieties_70g_1x1_228x128_a9b6197036.jpg
pantry just-organic,Just Organic Yogurt Assorted Varieties 140g ,$1.49,$1.06 per 100g,140g,https://www.aldi.com.au/fileadmin/_processed_/7/6/csm_ALN2218_Q2_Just_Organic_Yogurt_Assorted_Varieties_140g_1x1_228x128_01_5fe60a22d4.jpg
pantry just-organic, Just Organic Extra Virgin Olive Oil 500ml  ,$4.69,94c per 100ml,500ml,https://www.aldi.com.au/fileadmin/_processed_/2/5/csm_ALN2218_Q2_Just_Organic_Extra_Virgin_Olive_Oil_500ml_1x1_228x128_485ea2e082.jpg
pantry just-organic,Just Organic Free Range Eggs 6 Pack 300g  ,$3.99,$1.33 per 100g,300g,https://www.aldi.com.au/fileadmin/_processed_/7/9/csm_ALN2670_Q1_WEB_AUDIT__DAIRY_EGGS__1x1_228x128_5_34abfa032d.jpg
pantry chocolate,Choceur Caramel Filled Milk Chocolate Block 200g ,$2.99,$1.50 per 100g,200g,https://www.aldi.com.au/fileadmin/_processed_/6/a/csm_ALN2460_Q3_WEB_AUDIT_Chocolate__1x1_228x128_3_e67dcf7a07.jpg
pantry chocolate,Choceur Milk & White Chocolate Block 200g ,$2.99,$1.50 per 100g,200g,https://www.aldi.com.au/fileadmin/_processed_/c/8/csm_ALN2460_Q3_WEB_AUDIT_Chocolate__1x1_228x128_4_78dbbba64b.jpg
pantry chocolate,Choceur Salted Pretzel Chocolate Block 200g ,$2.99,$1.50 per 100g,200g,https://www.aldi.com.au/fileadmin/_processed_/4/f/csm_ALN2460_Q3_WEB_AUDIT_Chocolate__1x1_228x128_5_659698b53b.jpg
pantry chocolate,Choceur Coffee & Cream Chocolate Block 200g ,$2.99,$1.50 per 100g,200g,https://www.aldi.com.au/fileadmin/_processed_/a/0/csm_ALN1075_1x1_CHOCOLATE_228x128_3_4821d9e789.jpg
pantry chocolate,Choceur Dark Hazelnut Chocolate Block 200g ,$2.99,$1.50 per 100g,200g,https://www.aldi.com.au/fileadmin/_processed_/2/a/csm_ALN1075_1x1_CHOCOLATE_228x128__eb415d998d.jpg
pantry chocolate,Choceur Fruit & Nut Chocolate Block 200g ,$2.99,$1.50 per 100g,200g,https://www.aldi.com.au/fileadmin/_processed_/1/0/csm_ALC7929_Choceur_Range_1x1_228x128_2_94a3b1e04e.jpg
pantry chocolate,Choceur White Chocolate Block 200g ,$2.99,$1.50 per 100g,200g,https://www.aldi.com.au/fileadmin/_processed_/c/f/csm_ALC7929_Choceur_Range_1x1_228x128_4_d70e55dc3a.jpg
pantry chocolate,Choceur Rum Raisin & Nut Chocolate Block 200g ,$2.99,$1.50 per 100g,200g,https://www.aldi.com.au/fileadmin/_processed_/7/c/csm_ALC7929_Choceur_Range_1x1_228x128_7_0ad82064c2.jpg
pantry chocolate,Choceur Milk Chocolate Block 200g ,$2.99,$1.50 per 100g,200g,https://www.aldi.com.au/fileadmin/_processed_/8/0/csm_ALC7929_Choceur_Range_1x1_228x128_5_e9f7b644ce.jpg
pantry chocolate,Choceur Dark Chocolate Block 200g ,$2.99,$1.50 per 100g,200g,https://www.aldi.com.au/fileadmin/_processed_/6/d/csm_ALC7929_Choceur_Range_1x1_228x128_16_290ff7d341.jpg
pantry chocolate,Choceur Milk Almond Chocolate Block 200g ,$2.99,$1.50 per 100g,200g,https://www.aldi.com.au/fileadmin/_processed_/7/2/csm_ALC7929_Choceur_Range_1x1_228x128_15_c9eb465d0b.jpg
pantry chocolate,Choceur Dark Almond Chocolate Block 200g ,$2.99,$1.50 per 100g,200g,https://www.aldi.com.au/fileadmin/_processed_/f/2/csm_ALC7929_Choceur_Range_1x1_228x128__e3419fff68.jpg
pantry chocolate,Hazelnut Crème Mini Chocolate Bars 5 x 40g    ,$2.99,$1.50 per 100g,40g,https://www.aldi.com.au/fileadmin/_processed_/2/e/csm_ALN1075_1x1_CHOCOLATE_228x128_9_9f99d831fc.jpg
pantry chocolate,Milk Mini Chocolate Bars 5 x 40g,$2.99,$1.50 per 100g,40g,https://www.aldi.com.au/fileadmin/_processed_/a/f/csm_ALN1075_1x1_CHOCOLATE_228x128_6_c1be250e10.jpg
pantry chocolate,Dark Mini Chocolate Bars 5 x 40g,$2.99,$1.50 per 100g,40g,https://www.aldi.com.au/fileadmin/_processed_/c/e/csm_ALC7929_Choceur_Range_1x1_228x128_9_ce5fd0c5ec.jpg
pantry chocolate,White Mini Chocolate Bars 5 x 40g,$2.99,$1.50 per 100g,40g,https://www.aldi.com.au/fileadmin/_processed_/c/0/csm_ALC7929_Choceur_Range_1x1_228x128_10_f0b10f2f56.jpg
pantry chocolate,Hazelnut Mini Chocolate Bars 5 x 40g ,$2.99,$1.50 per 100g,40g,https://www.aldi.com.au/fileadmin/_processed_/0/f/csm_ALC7929_Choceur_Range_1x1_228x128_11_08d4103b5c.jpg
pantry chocolate,Marzipan Mini Chocolate Bars 5 x 40g,$2.99,$1.50 per 100g,40g,https://www.aldi.com.au/fileadmin/_processed_/d/e/csm_ALN1075_1x1_CHOCOLATE_228x128_2_e2975ef762.jpg
pantry chocolate,White Crisp Mini Chocolate Bars 5 x 40g,$2.99,$1.50 per 100g,40g,https://www.aldi.com.au/fileadmin/_processed_/f/3/csm_ALC7929_Choceur_Range_1x1_228x128_13_49d4fa7114.jpg
pantry chocolate,Choceur Mountain Bar 100g ,$2.99,$1.50 per 100g,100g,https://www.aldi.com.au/fileadmin/_processed_/1/e/csm_ALC7929_Choceur_Range_1x1_228x128_12_52a1f5a870.jpg
health,Dentitex Advanced Whitening Toothpaste ,$1.79,$1.28 per 100g,140g,https://www.aldi.com.au/fileadmin/_processed_/9/3/csm_ALN2364-7_HEALTH_1x1_228x128__d9c1a69508.jpg
health,Dentitex Interdental Pro Toothbrush 2pk ,$4.49,$4.08 per 100g,2pk,https://www.aldi.com.au/fileadmin/_processed_/6/2/csm_ALN2364-7_HEALTH_1x1_228x128_5_684b45adc5.jpg
health,Dentitex Orbit Toothbrush 2pk ,$1.99,$1.00 per unit,2pk,https://www.aldi.com.au/fileadmin/_processed_/b/6/csm_ALN2853_HEALTH_1x1_228x128_4_5cb4d06f7a.jpg
health,Dentitex Mouthwash 1L ,$2.99,$1.50 per unit,1L,https://www.aldi.com.au/fileadmin/_processed_/3/a/csm_ALN2364-7_HEALTH_1x1_228x128_3_e4b1c3337d.jpg
health,Dentitex Mouthwash 500ml ,$4.19,42c per 100mL,500ml,https://www.aldi.com.au/fileadmin/_processed_/7/8/csm_ALN2853_HEALTH_1x1_228x128_5_90b70c5e97.jpg
health,Essential Health Paw Paw Ointment ,$3.49,70c per ml,500ml,https://www.aldi.com.au/fileadmin/_processed_/2/1/csm_ALN3077_HEALTH_1x1_228x128_be3f781b52.jpg
health,Green Action Eucalyptus Oil 100ml ,$2.79,$11.16 per 100g,100ml,https://www.aldi.com.au/fileadmin/_processed_/9/0/csm_ALN2364-7_HEALTH_1x1_228x128_6_678cce7213.jpg
health,Hedafen Ibuprofen 24pk ,$6.99,$6.99 per 100ml,24pk,https://www.aldi.com.au/fileadmin/_processed_/0/d/csm_ALN2853_HEALTH_1x1_228x128_2_52ddfb3258.jpg
health,Hedafen Ibuprofen Liquid Capsules 20pk ,$1.49,6c per tablet,20pk,https://www.aldi.com.au/fileadmin/_processed_/e/e/csm_ALN2364-7_HEALTH_1x1_228x128_7_5e19cb1d8b.jpg
health,Hedanol Paracetamol Capsule Shaped Tablets 20pk ,$2.39,12c per capsule,20pk,https://www.aldi.com.au/fileadmin/_processed_/2/b/csm_ALN2364-7_HEALTH_1x1_228x128_8_d5b131d4a1.jpg
health,Essential Health Effervescents 15pk ,$0.69,3c per tablet,15pk,https://www.aldi.com.au/fileadmin/_processed_/a/5/csm_ALN2364-7_HEALTH_1x1_228x128_9_c613cd50e7.jpg
health,Essential Health Electrolytes 20pk ,$4.49,30c per tablet,20pk,https://www.aldi.com.au/fileadmin/_processed_/c/3/csm_ALN2364-7_HEALTH_1x1_228x128_10_586cc47052.jpg
health,Essential Health First Aid Strips Plastic 100pk / Fabric 50pk ,$5.49,27c per tablet,50pk,https://www.aldi.com.au/fileadmin/_processed_/9/3/csm_ALN2853_HEALTH_1x1_228x128__9c3f4c0792.jpg
health,Essential Health Meal Replacement Shakes ,$1.99,2c-4c per strip,ea,https://www.aldi.com.au/fileadmin/_processed_/6/4/csm_ALN2364-7_HEALTH_1x1_228x128_11_a6de138e71.jpg
health,Essential Health Protein Bar 30g ,$1.79,$3.25 per 100g­,30g,https://www.aldi.com.au/fileadmin/_processed_/0/e/csm_ALN2364-7_HEALTH_1x1_228x128_12_2e957e4443.jpg
health,Onset Chocolate Protein Bars 51g-57g ,$0.20,$4.97 per 100g,57g,https://www.aldi.com.au/fileadmin/_processed_/0/3/csm_ALN2364-7_HEALTH_1x1_228x128_13_8e8f2dd529.jpg
pantry gluten-free, Gluten Free Penne 500g     ,$2.29,46c per 100g,500g,https://www.aldi.com.au/fileadmin/_processed_/6/b/csm_ALN2147_Q4_GLUTEN-FREE_1x1_228x128_4_c0a7d00059.jpg
pantry gluten-free,Gluten Free Spirals 500g ,$2.29,46c per 100g,500g,https://www.aldi.com.au/fileadmin/_processed_/6/0/csm_ALN3077_GLUTEN-FREE_1x1_228x128__7ce49aa2e0.jpg
pantry gluten-free,Gluten Free Corn Flakes 375g ,$2.99,80c per 100g,375g,https://www.aldi.com.au/fileadmin/_processed_/5/4/csm_ALN1075_1x1_GF_228x128__9e8add9131.jpg
pantry gluten-free,Gluten Free Cocoa Puffs 475g ,$2.99,63c per 100g,475g,https://www.aldi.com.au/fileadmin/_processed_/b/3/csm_ALN1075_1x1_GF_228x128_2_150eb74508.jpg
pantry gluten-free,Gluten Free Plain Flour 500g ,$2.29,$4.58 per kg,500g,https://www.aldi.com.au/fileadmin/_processed_/7/6/csm_ALN2147_Q4_GLUTEN-FREE_1x1_228x128_5_f6210b29c2.jpg
pantry gluten-free,Gluten Free Self Raising Flour 500g ,$2.29,$4.58 per kg,500g,https://www.aldi.com.au/fileadmin/_processed_/1/8/csm_ALN2147_Q4_GLUTEN-FREE_1x1_228x128_6_a60df0943b.jpg
pantry gluten-free,Gluten Free Spaghetti 500g       ,$2.29,46c per 100g,500g,https://www.aldi.com.au/fileadmin/_processed_/f/a/csm_ALN2147_Q4_GLUTEN-FREE_1x1_228x128_3_2c8abe4d74.jpg
pantry gluten-free,Has No Gluten Free Biscuits 180g ,$2.79,$1.55 per 100g,180g,https://www.aldi.com.au/fileadmin/_processed_/7/0/csm_ALN2805-1_SS_1x1_228x128_SEPTEMBER_10_38e0ccad49.jpg
pantry gluten-free,Has No Gluten Free Coconut Macaroons 160g ,$2.49,$1.56 per 100g,160g,https://www.aldi.com.au/fileadmin/_processed_/1/f/csm_ALN2805-1_SS_1x1_228x128_SEPTEMBER_11_33e261d175.jpg
freezer,Market Fare Corn Cobs 1kg ,see price in store*,not available,1kg,https://www.aldi.com.au/fileadmin/_processed_/9/4/csm_ALN2853_AWARDS_FROZEN_FOOD_1x1_228x128__e655e9c06c.jpg
freezer,Market Fare Corn Kernels 1kg ,$2.59,$2.59 per kg,1kg,https://www.aldi.com.au/fileadmin/_processed_/a/2/csm_ALN2853_AWARDS_FROZEN_FOOD_1x1_228x128_2_b2bba5422e.jpg
freezer,Market Fare Garden Peas 1kg ,$1.99,$1.99 per kg,1kg,https://www.aldi.com.au/fileadmin/_processed_/4/a/csm_ALN2853_AWARDS_FROZEN_FOOD_1x1_228x128_3_591795a34d.jpg
freezer,Market Fare Baby Peas 1kg ,$2.99,$2.99 per kg,1kg,https://www.aldi.com.au/fileadmin/_processed_/a/5/csm_ALN2853_FROZEN_FOOD_1x1_228x128__772adc84e0.jpg
freezer,Market Fare Peas Carrots & Corn 1kg ,$2.79,$2.79 per kg,1kg,https://www.aldi.com.au/fileadmin/_processed_/a/b/csm_ALN2853_AWARDS_FROZEN_FOOD_1x1_228x128_4_32b4dc35ff.jpg
freezer,Market Fare Green Beans 1kg ,$1.99,$1.99 per kg,1kg,https://www.aldi.com.au/fileadmin/_processed_/f/0/csm_ALN2853_AWARDS_FROZEN_FOOD_1x1_228x128_5_728efad4f0.jpg
freezer,Market Fare Broccoli 500g ,$2.29,$4.58 per kg,500g,https://www.aldi.com.au/fileadmin/_processed_/c/b/csm_ALN2853_AWARDS_FROZEN_FOOD_1x1_228x128_6_31d847d825.jpg
freezer,Market Fare Spinach 250g ,$0.89,$3.56 per kg,250g,https://www.aldi.com.au/fileadmin/_processed_/a/d/csm_ALN2853_AWARDS_FROZEN_FOOD_1x1_228x128_7_e00448fa4c.jpg
freezer,Market Fare Zucchini Noodles 340g ,$3.49,$10.26 per kg,340g,https://www.aldi.com.au/fileadmin/_processed_/8/a/csm_ALN2853_FROZEN_FOOD_1x1_228x128_6_95b755bb96.jpg
freezer,Market Fare Winter Vegetables 1kg ,$2.79,$2.79 per kg,1kg,https://www.aldi.com.au/fileadmin/_processed_/f/a/csm_ALN2364_AWARDS_FROZEN_FOOD_1x1_228x128_10_9729780f9e.jpg
freezer,Market Fare Stir Fry Vegetables 850g ,$3.19,$3.75 per kg,850g,https://www.aldi.com.au/fileadmin/_processed_/d/3/csm_ALN2853_FROZEN_FOOD_1x1_228x128_2_b87e9b8cb1.jpg
freezer,Market Fare Cauliflower or Broccoli Bake 800g ,$4.99,$6.24 per kg,800g,https://www.aldi.com.au/fileadmin/_processed_/b/6/csm_ALN2853_AWARDS_FROZEN_FOOD_1x1_228x128_8_b9622172af.jpg
freezer,The Best Margherita Pizza Ever 365g ,$4.99,$1.37 per 100g,365g,https://www.aldi.com.au/fileadmin/_processed_/f/5/csm_ALN2626_MARGHERITA_PIZZA_1x1_228x128_663241c472.jpg
freezer,International Cuisine Supreme Family Pizza 500g ,$2.99,59c per 100g,500g,https://www.aldi.com.au/fileadmin/_processed_/7/3/csm_ALN2364_FROZEN_FOOD_1x1_228x128__218af1f32e.jpg
freezer,International Cuisine Beef Lasagne 2kg ,$8.49,43c per 100g,2kg,https://www.aldi.com.au/fileadmin/_processed_/9/f/csm_ALN2853_FROZEN_FOOD_1x1_228x128_9_820f46bccd.jpg
freezer,Orchard & Vine Blueberries 500g ,$3.69,$7.38 per kg,500g,https://www.aldi.com.au/fileadmin/_processed_/d/8/csm_ALN2364_FROZEN_FOOD_1x1_228x128_3_97631fd247.jpg
freezer,Kenny’s Frozen Dessert 475ml ,$4.99,$1.05 per 100ml,475ml,https://www.aldi.com.au/fileadmin/_processed_/8/a/csm_ALN2853_FROZEN_FOOD_1x1_228x128_8_4f548ce5ec.jpg
beauty, Essentials BB Cream SPF 15 50ml ,$7.99,$15.98 per 100ml,50ml,https://www.aldi.com.au/fileadmin/_processed_/7/d/csm_ALN1075_SKIN_CARE_UPDATE_1x1_228x128_6_2dac99110b.jpg
beauty, Essentials Purify Exfoliating Wash 150ml ,$3.79,$2.53 per 100ml,150ml,https://www.aldi.com.au/fileadmin/_processed_/7/d/csm_ALP0614_WEB_AUDIT_2Q_LACURA_1x1_128x228__7337596be1.jpg
beauty, Essentials Caring Cleansing Gel 150ml ,$3.79,$2.53 per 100ml,150ml,https://www.aldi.com.au/fileadmin/_processed_/e/9/csm_ALP0614_WEB_AUDIT_2Q_LACURA_1x1_128x228_2_238ffd9714.jpg
beauty, Essentials Fine Balance Foaming Cleansing Gel 150ml ,$3.79,$2.53 per 100ml,150ml,https://www.aldi.com.au/fileadmin/_processed_/1/6/csm_ALP0614_WEB_AUDIT_2Q_LACURA_1x1_128x228_3_41952414db.jpg
beauty, Essentials Fine Balance Cleansing Wipes 30pk    ,$1.69,6c per wipe,30pk,https://www.aldi.com.au/fileadmin/_processed_/8/5/csm_ALC7782_THE_BLOCK_1x1_228x128_46_14b472b3c8.jpg
beauty, Essentials Caring Cleansing Wipes 30pk       ,$1.69,6c per wipe,30pk,https://www.aldi.com.au/fileadmin/_processed_/d/8/csm_ALC7782_THE_BLOCK_1x1_228x128_47_c420f81809.jpg
beauty, Essentials Make Up Rounds 80pk       ,$1.39,$1.74 per 100 rounds,80pk,https://www.aldi.com.au/fileadmin/_processed_/7/7/csm_ALN1075_SKIN_CARE_UPDATE_1x1_228x128_9_1dbf20698f.jpg
beauty, Essentials Cotton Tips 240pk    ,$0.99,41c per 100 tips,240pk,https://www.aldi.com.au/fileadmin/_processed_/6/a/csm_ALN1075_SKIN_CARE_UPDATE_1x1_228x128_10_2945f8c10b.jpg
beauty, Essentials Women's Comfort Touch 3 Blade Disposable Razors 8pk      ,$3.99,50c per unit,8pk,https://www.aldi.com.au/fileadmin/_processed_/5/c/csm_ALN1075_SKIN_CARE_UPDATE_1x1_228x128_11_f02b9d87a7.jpg
beauty, Skin Science Renew Expert Double Effect Eye Gel 15ml    ,$9.99,not available,15ml,https://www.aldi.com.au/fileadmin/_processed_/9/1/csm_ALN2147_Q4_SKIN-CARE_1x1_228x128_9_93889e4a72.jpg
beauty, Skin Science Renew Expert Wrinkle Smoother 15ml     ,$9.99,not available,15ml,https://www.aldi.com.au/fileadmin/_processed_/7/9/csm_ALN2147_Q4_SKIN-CARE_1x1_228x128_10_7ffbef2e32.jpg
beauty, Skin Science Renew Day Cream SPF 15 50ml ,$7.99,not available,50ml,https://www.aldi.com.au/fileadmin/_processed_/6/8/csm_ALN2147_Q4_SKIN-CARE_1x1_228x128__4a518097a6.jpg
beauty, Skin Science Renew Night Cream 50ml ,$7.99,not available,50ml,https://www.aldi.com.au/fileadmin/_processed_/e/6/csm_ALN2147_Q4_SKIN-CARE_1x1_228x128_4_bd338d37dd.jpg
beauty, Skin Science Renew Serum 50ml ,$7.99,not available,50ml,https://www.aldi.com.au/fileadmin/_processed_/9/0/csm_ALN2147_Q4_SKIN-CARE_1x1_228x128_5_e8df2a9cb8.jpg
beauty, Skin Science Renew Expert Day Cream SPF 15 50ml,$10.99,not available,50ml,https://www.aldi.com.au/fileadmin/_processed_/0/8/csm_ALN2364_AWARDS_HEALTH-AND-BEAUTY_1x1_228x128__062953c66a.jpg
beauty, Skin Science Renew Expert Night Cream SPF 15 50ml,$10.99,not available,50ml,https://www.aldi.com.au/fileadmin/_processed_/8/f/csm_ALN2364_AWARDS_HEALTH-AND-BEAUTY_1x1_228x128_2_528fdaf309.jpg
beauty, Essentials Renew Cleansing Wipes 30pk        ,$1.69,not available,30pk,https://www.aldi.com.au/fileadmin/_processed_/f/8/csm_ALC7782_THE_BLOCK_1x1_228x128_49_b2fd8e8bc4.jpg
beauty, Skin Science Revive Hyaluronic Gel 30ml ,$10.99,not available,30ml,https://www.aldi.com.au/fileadmin/_processed_/3/f/csm_ALN2364_AWARDS_HEALTH-AND-BEAUTY_1x1_228x128_3_143a22473a.jpg
beauty, Skin Science Revive Night Elixir 30ml,$10.99,not available,30ml,https://www.aldi.com.au/fileadmin/_processed_/2/b/csm_ALN2364_AWARDS_HEALTH-AND-BEAUTY_1x1_228x128_4_c9cee72591.jpg
beauty, Skin Science Revive Moisture Boost 15ml ,$10.99,not available,15ml,https://www.aldi.com.au/fileadmin/_processed_/5/d/csm_ALN1075_SKIN_CARE_UPDATE_1x1_228x128_42_6f40505af1.jpg
beauty, Skin Science Revitalise Expert Day Cream 50ml ,$10.99,not available,50ml,https://www.aldi.com.au/fileadmin/_processed_/7/c/csm_ALN2147_Q4_SKIN-CARE_1x1_228x128_11R_1ab1f158f5.jpg
beauty, Skin Science Revitalise Expert Neck & Décolleté Serum 50ml ,$10.99,not available,50ml,https://www.aldi.com.au/fileadmin/_processed_/2/d/csm_ALN2147_Q4_SKIN-CARE_1x1_228x128_12_2d6de1ed9e.jpg
beauty, Skin Science Revitalise Expert Eye Cream 15ml ,$10.99,not available,15ml,https://www.aldi.com.au/fileadmin/_processed_/8/4/csm_ALN2147_Q4_SKIN-CARE_1x1_228x128_13_ce5f78dd18.jpg
beauty, Skin Science Revitalise Day Cream with Soy for Mature Skin 50ml ,$7.99,not available,50ml,https://www.aldi.com.au/fileadmin/_processed_/f/d/csm_ALN2147_Q4_SKIN-CARE_1x1_228x128_6_19bbb35ab4.jpg
beauty, Skin Science Revitalise Night Cream with Soy for Mature Skin 50ml ,$7.99,not available,50ml,https://www.aldi.com.au/fileadmin/_processed_/8/8/csm_ALN2147_Q4_SKIN-CARE_1x1_228x128_8_e00377d4f7.jpg
beauty, Skin Science Revitalise Multi Intensive Serum for Mature Skin 50ml ,$7.99,not available,50ml,https://www.aldi.com.au/fileadmin/_processed_/1/e/csm_ALN2147_Q4_SKIN-CARE_1x1_228x128_7_34e3505580.jpg
beauty, Essentials Revitalise Cleansing Wipes 30pk      ,$1.69,not available,30pk,https://www.aldi.com.au/fileadmin/_processed_/6/d/csm_ALC7782_THE_BLOCK_1x1_228x128_48_bd33cd66a1.jpg
beauty, Naturals Revitalising Facial Foaming Cleanser 150ml,$5.99,not available,150ml,https://www.aldi.com.au/fileadmin/_processed_/e/8/csm_ALN1075_SKIN_CARE_UPDATE_1x1_228x128_25_76e9bdcba0.jpg
beauty, Naturals Pore Cleansing Clarifying Facial Scrub 150ml,$5.99,not available,150ml,https://www.aldi.com.au/fileadmin/_processed_/1/b/csm_ALN1075_SKIN_CARE_UPDATE_1x1_228x128_26_20d4d20ddc.jpg
beauty, Naturals Invigorating Exfoliating Facial Scrub 150ml,$5.99,not available,150ml,https://www.aldi.com.au/fileadmin/_processed_/7/6/csm_ALN1075_SKIN_CARE_UPDATE_1x1_228x128_27_6a0455746a.jpg
beauty, Naturals Anti-Aging Day Cream with Liquorice Extract Oil & Silk Protein 50ml   ,$7.99,not available,50ml,https://www.aldi.com.au/fileadmin/_processed_/9/5/csm_ALN1075_SKIN_CARE_UPDATE_1x1_228x128_24_785043bbbe.jpg
beauty, Naturals Anti-Aging Night Cream with Rice Bran Oil & Silk Protein 50ml    ,$7.99,not available,50ml,https://www.aldi.com.au/fileadmin/_processed_/6/4/csm_ALN1075_SKIN_CARE_UPDATE_1x1_228x128_23_5dcf16da94.jpg
beauty, Naturals Anti-Aging Serum with Ginger Extract & Silk Protein 30ml     ,$7.99,not available,30ml,https://www.aldi.com.au/fileadmin/_processed_/4/b/csm_ALN1075_SKIN_CARE_UPDATE_1x1_228x128_21_d392e88049.jpg
beauty, Naturals Anti-Aging Eye Cream with Tiger Grass & Silk Protein 15ml      ,$7.99,not available,15ml,https://www.aldi.com.au/fileadmin/_processed_/8/8/csm_ALN1075_SKIN_CARE_UPDATE_1x1_228x128_22_728b0243c5.jpg
beauty, Beauty Long Lasting Duo Lipstick    ,$6.99,not available, ,https://www.aldi.com.au/fileadmin/_processed_/d/b/csm_ALN1075_SKIN_CARE_UPDATE_1x1_228x128_18_4e99e30afa.jpg
beauty, Beauty Long Lasting Compact Powder 10g   ,$5.99,not available,10g,https://www.aldi.com.au/fileadmin/_processed_/a/d/csm_ALN1075_SKIN_CARE_UPDATE_1x1_228x128_19_69f5f9923e.jpg
beauty, Beauty Long Lasting Compact Blush 4.5g        ,$5.99,not available,5g,https://www.aldi.com.au/fileadmin/_processed_/d/2/csm_ALN1075_SKIN_CARE_UPDATE_1x1_228x128_20_3668aae7b3.jpg
beauty,Beauty Foundation with Sunscreen   ,$4.99,not available, ,https://www.aldi.com.au/fileadmin/_processed_/6/4/csm_ALP0614_WEB_AUDIT_2Q_LACURA_1x1_128x228_7_db9bfbdea3.jpg
beauty,Beauty Face Primer 3 in 1    ,$4.99,not available, ,https://www.aldi.com.au/fileadmin/_processed_/3/e/csm_ALP0614_WEB_AUDIT_2Q_LACURA_1x1_128x228_6_c0b1a8d162.jpg
super-savers,The Fishmonger Southern Style Whiting 240g ,$5.99,$24.96 per kg,240g,https://www.aldi.com.au/fileadmin/_processed_/d/c/csm_W10_SUPER_SAVERS_MEAT_1x1__23af660943.jpg
super-savers,Ingham’s Free Range Chicken Breast Schnitzel 300g ,$4.99,$16.63 per kg,300g,https://www.aldi.com.au/fileadmin/_processed_/a/7/csm_W10_SUPER_SAVERS_MEAT_1x1_2_d142d6aaf0.jpg
super-savers,Kitchen Herb Crusted Fish with Vegetables 350g ,$8.99,$2.57 per 100g,350g,https://www.aldi.com.au/fileadmin/_processed_/1/e/csm_W10_SUPER_SAVERS_MEAT_1x1_3_4a5ad4f2f3.jpg
super-savers,Ready Set…Cook! Boozy Beer Flavoured Beef Burgers 400g ,$5.99,$14.98 per kg,400g,https://www.aldi.com.au/fileadmin/_processed_/c/4/csm_W10_SUPER_SAVERS_MEAT_1x1_4_1d52bc094c.jpg
super-savers,KRC Pork Poppers with Garlic Butter 320g ,$5.49,$17.16 per kg,320g,https://www.aldi.com.au/fileadmin/_processed_/e/2/csm_W10_SUPER_SAVERS_MEAT_1x1_5_31976f1211.jpg
super-savers,The Fishmonger Fresh Australian Salmon Fillets 4pk/460g ,$10.99,$23.89 per kg,460g,https://www.aldi.com.au/fileadmin/_processed_/4/9/csm_ALN3255_1x1_228x128__4d2891f450.jpg
super-savers,Ready Set…Cook! Beef Burgers 4pk/500g ,$149,$10.98 per kg,500g,https://www.aldi.com.au/fileadmin/_processed_/d/6/csm_ALN3255_1x1_228x128_2_e8f3ba608b.jpg
super-savers,Ocean Royale Atlantic Salmon Portions Skin On 1kg ,$5.99,$23.99 per kg,1kg,https://www.aldi.com.au/fileadmin/_processed_/7/c/csm_ALN3255_1x1_228x128_5_ed01d533fa.jpg
super-savers,Ocean Royale Salmon Wellington 280g ,$199,$17.82 per kg,280g,https://www.aldi.com.au/fileadmin/_processed_/3/7/csm_ALN3255_1x1_228x128_7_aa4735cccf.jpg
super-savers,Monarc Crowns 4pk/475ml ,$23.99,62c per 100ml,475ml,https://www.aldi.com.au/fileadmin/_processed_/b/8/csm_ALN3255_1x1_228x128_8_011dacff0a.jpg
super-savers,Monarc Obsession Ice Cream 1L ,$299,40c per 100ml,1L,https://www.aldi.com.au/fileadmin/_processed_/a/4/csm_ALN3255_1x1_228x128_9_85a81b784f.jpg
super-savers,Food Envy Vanilla Bean Rice Pudding 2 x 170g ,$4.49,44c per 100g,170g,https://www.aldi.com.au/fileadmin/_processed_/5/f/csm_ALN3255_1x1_228x128_23_a7ca917d34.jpg
super-savers,Belmont Biscuit Co. Jaffa Cakes 300g ,$0.50,$1.00 per 100g,300g,https://www.aldi.com.au/fileadmin/_processed_/7/b/csm_ALN3255_1x1_228x128_10_164904ec06.jpg
super-savers,Belmont Biscuit Co. Crème Biscuits 150g ,$2.99,33c per 100g,150g,https://www.aldi.com.au/fileadmin/_processed_/0/8/csm_ALN3255_1x1_228x128_11_f4fa14ac05.jpg
super-savers,Choceur Liviano 150g ,$0.30,$1.33 per 100g,150g,https://www.aldi.com.au/fileadmin/_processed_/9/d/csm_ALN3255_1x1_228x128_12_6d9e865149.jpg
super-savers,The Cake Stall Banana Bread Slices 5pk/500g ,$3.99,80c per 100g,500g,https://www.aldi.com.au/fileadmin/_processed_/b/7/csm_ALN3255_1x1_228x128_13_ccfc319d45.jpg
super-savers,Colway Mustard 190g ,$0.50,78c per 100g,190g,https://www.aldi.com.au/fileadmin/_processed_/b/5/csm_ALN3255_1x1_228x128_14_290ef3774c.jpg
super-savers,Bakers Life Large Wraps 8pk/560g ,$1.99,53c per 100g,560g,https://www.aldi.com.au/fileadmin/_processed_/4/b/csm_ALN3255_1x1_228x128_15_d1216f2695.jpg
super-savers,Essential Health Meal Replacement Shakes 55g ,$0.50,$3.25 per 100g,55g,https://www.aldi.com.au/fileadmin/_processed_/b/3/csm_ALN3255_1x1_228x128_16_37965ba304.jpg
super-savers,Yoguri Protein Yogurt 160g ,$2.49,62c per 100g,160g,https://www.aldi.com.au/fileadmin/_processed_/2/5/csm_ALN3255_1x1_228x128_17_7aca2540b8.jpg
super-savers,One Road Chardonnay 750ml ,$0.50,not available,750ml,https://www.aldi.com.au/fileadmin/_processed_/7/e/csm_ALN3255_1x1_228x128_18_468e296982.jpg
super-savers,Piatti Fresh Garlic Bread Loaf 400g ,$0.49,50c per 100g,400g,https://www.aldi.com.au/fileadmin/_processed_/0/f/csm_ALN3255_1x1_228x128_19_3c091a585d.jpg
super-savers,Julius Dog Beef Liver Treatz 500g ,$0.20,$1.20 per 100g,500g,https://www.aldi.com.au/fileadmin/_processed_/7/7/csm_ALN3255_1x1_228x128_20_88e39c17b5.jpg
super-savers,Power Force Toilet Blocks 2 x 50g ,$1.99,$1.49 per 100g,50g,https://www.aldi.com.au/fileadmin/_processed_/a/d/csm_ALN3255_1x1_228x128_21_ce4c98fa6c.jpg
super-savers,Logix Rinse Aid or Dishwasher Cleaner 250ml/500ml ,$0.50,80c/40c per 100ml,500ml,https://www.aldi.com.au/fileadmin/_processed_/5/0/csm_ALN3255_1x1_228x128_22_2f99fd8109.jpg
liquor spirits,Highland Earl Blended Scotch Whisky 700ml ,$32.99,not available,700ml,https://www.aldi.com.au/fileadmin/_processed_/7/5/csm_ALN2364_AWARDS_SPIRITS_1x1_228x128_5_a5e27832de.jpg
liquor spirits,Tamova Quadruple Distilled Vodka 700ml ,$29.99,not available,700ml,https://www.aldi.com.au/fileadmin/_processed_/0/a/csm_ALN2619_Q4_WEB_AUDIT_SPIRITS_1x1_228x128__68dc19da09.jpg
liquor spirits,Darley’s London Style Gin 700ml ,$29.99,not available,700ml,https://www.aldi.com.au/fileadmin/_processed_/d/5/csm_ALN2364_AWARDS_SPIRITS_1x1_228x128_6_6798243031.jpg
liquor spirits,Highland Black 8YO Blended Scotch Whisky 700ml ,$36.99,not available,700ml,https://www.aldi.com.au/fileadmin/_processed_/0/5/csm_ALN2364_AWARDS_SPIRITS_1x1_228x128__bf3a04c542.jpg
liquor spirits,Bluegrass Kentucky Bourbon 700ml ,$29.99,not available,700ml,https://www.aldi.com.au/fileadmin/_processed_/5/1/csm_ALN2364_AWARDS_SPIRITS_1x1_228x128_2_e2db5e0930.jpg
liquor spirits,Jim Beam Bourbon 700mL ,$37.95,not available,700mL,https://www.aldi.com.au/fileadmin/_processed_/9/a/csm_ALN2218_Jim_Beam_Bourbon_700ml_1x1_228x128_62c16953e5.jpg
liquor spirits,Baroque Brandy 700ml ,$29.99,not available,700ml,https://www.aldi.com.au/fileadmin/_processed_/f/6/csm_ALN2364_AWARDS_SPIRITS_1x1_228x128_7_fce9b2f811.jpg
liquor spirits,O’Donnells Irish Country Cream Liqueur 700ml ,$13.99,not available,700ml,https://www.aldi.com.au/fileadmin/_processed_/5/0/csm_ALN2364_AWARDS_SPIRITS_1x1_228x128_3_9e7c9a1dec.jpg
liquor spirits,Baileys Irish Cream 700mL ,$28.99,not available,700mL,https://www.aldi.com.au/fileadmin/_processed_/8/6/csm_ALN2147_Q4_SPIRITS_1x1_228x128_c9d3ff886a.jpg
liquor spirits,Bluegrass Kentucky Straight Bourbon Whiskey & Cola 6pk ,$17.99,not available,6pk,https://www.aldi.com.au/fileadmin/_processed_/d/a/csm_ALC7312_LIQUOR_1x1s_228x128_6_c5142c8708.jpg
liquor spirits,Striganov Vodka Crush Raspberry 4pk ,$9.99,not available,4pk,https://www.aldi.com.au/fileadmin/_processed_/5/8/csm_ALN2364_AWARDS_SPIRITS_1x1_228x128_8_29fef96620.jpg
liquor spirits,Striganov Vodka Crush Guava 4pk ,$9.99,not available,4pk,https://www.aldi.com.au/fileadmin/_processed_/7/c/csm_ALN2364_AWARDS_SPIRITS_1x1_228x128_9_b59721ae75.jpg
liquor spirits,Striganov Vodka Crush Lemon Lime 4pk ,$9.99,not available,4pk,https://www.aldi.com.au/fileadmin/_processed_/b/1/csm_ALN2364_AWARDS_SPIRITS_1x1_228x128_10_f094509d99.jpg
liquor spirits,Striganov Vodka Crush Watermelon 4pk ,$9.99,not available,4pk,https://www.aldi.com.au/fileadmin/_processed_/0/8/csm_ALN2364_AWARDS_SPIRITS_1x1_228x128_11_ffeb0e74f6.jpg
liquor champagne-sparkling,Monsigny Champagne Brut NV 750ml ,$22.99,not available,750ml,https://www.aldi.com.au/fileadmin/_processed_/3/d/csm_ALN2364_AWARDS_CHAMPAGNE_SPARKLING_1x1_228x128__928a42594a.jpg
liquor champagne-sparkling,South Point Estate Sparkling Chardonnay Pinot Noir NV 750ml ,$7.49,not available,750ml,https://www.aldi.com.au/fileadmin/_processed_/8/8/csm_ALN2670_Q1_WEB_AUDIT__CHAMPAGNE_SPARKLING__1x1_228x128__cc94bfc416.jpg
liquor champagne-sparkling,Yellowglen Chardonnay Pinot Noir Prosecco Rosé 750ml ,$4.99,not available,750ml,https://www.aldi.com.au/fileadmin/_processed_/2/9/csm_ALN3077_AWARD_SPARKLING-CHAMPAGNE_1x1_228x128__6fc1c8e364.jpg
liquor champagne-sparkling,Yellowglen Chardonnay Pinot Noir & Prosecco 750ml ,$9.99,not available,750ml,https://www.aldi.com.au/fileadmin/_processed_/a/9/csm_ALN2364_AWARDS_CHAMPAGNE_SPARKLING_1x1_228x128_4_4b683a81a2.jpg
liquor champagne-sparkling,Claire Creek Sparkling Moscato Rosa NV 750ml ,$7.99,not available,750ml,https://www.aldi.com.au/fileadmin/_processed_/6/1/csm_ALN3077_SPARKLING-CHAMPAGNE_1x1_228x128__98a8aa8761.jpg
liquor champagne-sparkling,Vallée Des Secrets Sparkling Cuvée NV 750ml ,$7.99,not available,750ml,https://www.aldi.com.au/fileadmin/_processed_/b/e/csm_ALN2230_Q1_CHAMPAGNE-SPARKLING_1x1_228x128__2ec4740364.jpg
liquor wine,Blackstone Paddock Barossa Valley Shiraz 750ml ,$17.99,not available,750ml,https://www.aldi.com.au/fileadmin/_processed_/7/6/csm_ALN3248_Q1_WEB-AUDIT__WINE__1x1_228x128_8_ec0766fbbb.jpg
liquor wine,The Tudor Central Victorian Shiraz 750ml ,$12.99,not available,750ml,https://www.aldi.com.au/fileadmin/_processed_/d/1/csm_ALN2364_AWARDS_WINE_1x1_228x128_28_311a11399e.jpg
liquor wine,A.C. Byrne & Co McLaren Vale Shiraz 750ml ,$12.99,not available,750ml,https://www.aldi.com.au/fileadmin/_processed_/5/9/csm_ALN2670_Q1_WEB_AUDIT__WINE__1x1_228x128_4_5832f4406b.jpg
liquor wine,One Road South Australia & Heathcote Shiraz 750ml ,$9.99,not available,750ml,https://www.aldi.com.au/fileadmin/_processed_/7/f/csm_ALN2670_Q1_WEB_AUDIT__WINE__1x1_228x128__9b22f47723.jpg
liquor wine,Taylors Special Release Clare Valley Shiraz 750ml ,$7.49,not available,750ml,https://www.aldi.com.au/fileadmin/_processed_/b/e/csm_ALN2364_AWARDS_WINE_1x1_228x128__9594f24e9c.jpg
liquor wine,Small Talk Shiraz 1L ,$14.99,not available,1L,https://www.aldi.com.au/fileadmin/_processed_/c/a/csm_ALN2619_Q4_WEB_AUDIT_WINE_1x1_228x128_4_b29f70e18b.jpg
liquor wine,Blackstone Paddock Margaret River Cabernet Sauvignon 750ml ,$5.99,not available,750ml,https://www.aldi.com.au/fileadmin/_processed_/4/8/csm_ALN2230_Q1_WINE_1x1_228x128_23_8e2533e7ac.jpg
liquor wine,Vinology McLaren Vale Organic Cabernet Sauvignon 750ml ,$2.99,not available,750ml,https://www.aldi.com.au/fileadmin/_processed_/8/8/csm_ALN2230_Q1_WINE_1x1_228x128_4_9e01fa9953.jpg
liquor wine,The Pond Cabernet Sauvignon 750ml ,$17.99,not available,750ml,https://www.aldi.com.au/fileadmin/_processed_/5/c/csm_ALN3248_Q1_WEB-AUDIT__WINE__1x1_228x128_7_2abd1358ac.jpg
liquor wine,The Venturer Series Durif 750ml ,$11.99,not available,750ml,https://www.aldi.com.au/fileadmin/_processed_/2/4/csm_ALN3077_AWARD_WINE_1x1_228x128_3_3be3a71768.jpg
liquor wine,Coraggioso Nero D’Avola 750ml ,$6.99,not available,750ml,https://www.aldi.com.au/fileadmin/_processed_/f/b/csm_ALN2619_Q4_WEB_AUDIT_WINE_1x1_228x128__e0dc68a7e7.jpg
liquor wine,Luis Felipe Edwards Classic Carménère 750ml ,$8.99,not available,750ml,https://www.aldi.com.au/fileadmin/_processed_/5/4/csm_ALN3077_AWARD_WINE_1x1_228x128_2_54d069ebcc.jpg
liquor wine,El Toro Macho Reserva 750ml ,$5.99,not available,750ml,https://www.aldi.com.au/fileadmin/_processed_/1/2/csm_ALN2619_Q4_WEB_AUDIT_WINE_1x1_228x128_3_6e653cf1d4.jpg
liquor wine,Château Les Maurins Bordeaux Merlot & Cabernet Sauvignon 750ml ,see price in store*,not available,750ml,https://www.aldi.com.au/fileadmin/_processed_/2/0/csm_ALN2230_Q1_WINE_1x1_228x128_19_48d9129b27.jpg
liquor wine,The Tudor Yarra Valley Pinot Noir 750ml ,$10.99,not available,750ml,https://www.aldi.com.au/fileadmin/_processed_/1/a/csm_ALN2230_Q1_WINE_1x1_228x128_20_2fd1363801.jpg
liquor wine,Kaiora Bay Reserve Central Otago Pinot Noir 750ml ,$8.99,not available,750ml,https://www.aldi.com.au/fileadmin/_processed_/f/7/csm_ALN2670_Q1_WEB_AUDIT__WINE__1x1_228x128_11_962ab84241.jpg
liquor wine,One Road Goulburn Valley & King Valley Cabernet Merlot 750ml ,$9.99,not available,750ml,https://www.aldi.com.au/fileadmin/_processed_/a/2/csm_ALN2230_Q1_WINE_1x1_228x128_6_9612441fa5.jpg
liquor wine,Corte Carista Chianti Superiore DOC 750ml ,$12.99,not available,750ml,https://www.aldi.com.au/fileadmin/_processed_/9/2/csm_ALN3248_Q1_WEB-AUDIT__WINE__1x1_228x128_6_d5114a5661.jpg
liquor wine,Claire Creek Merlot 750ml ,$14.99,not available,750ml,https://www.aldi.com.au/fileadmin/_processed_/4/3/csm_ALN2364_AWARDS_WINE_1x1_228x128_24_4267b5f4f7.jpg
liquor wine,Little Birdwood Cabernet Shiraz Merlot 750ml ,$7.49,not available,750ml,https://www.aldi.com.au/fileadmin/_processed_/b/0/csm_ALN2364_AWARDS_WINE_1x1_228x128_2_ecf87a2660.jpg
liquor wine,A.C. Byrne & Co Margaret River Cabernet Merlot 750ml ,$10.99,not available,750ml,https://www.aldi.com.au/fileadmin/_processed_/7/b/csm_ALN2670_Q1_WEB_AUDIT__WINE__1x1_228x128_10_f2556de9a7.jpg
liquor wine,El Toro Macho Tempranillo Bobal 750ml ,$4.99,not available,750ml,https://www.aldi.com.au/fileadmin/_processed_/e/d/csm_ALN2364_AWARDS_WINE_1x1_228x128_16_163d219caf.jpg
liquor wine,Pájaro de Buen Agüero Old Vines Garnacha 750ml ,see price in store*,not available,750ml,https://www.aldi.com.au/fileadmin/_processed_/3/c/csm_ALN2230_Q1_WINE_1x1_228x128_5_a32a20f19e.jpg
liquor wine,Little Birdwood Sweet Red 750ml ,$9.99,not available,750ml,https://www.aldi.com.au/fileadmin/_processed_/4/f/csm_ALN2670_Q1_WEB_AUDIT__WINE__1x1_228x128_3_ad21456ccb.jpg
liquor wine,François Lurton La Mule Provence Rosé 750ml ,$5.99,not available,750ml,https://www.aldi.com.au/fileadmin/_processed_/e/e/csm_ALN2364_AWARDS_WINE_1x1_228x128_20_6d38c1a89c.jpg
liquor wine,South Point Estate Rosé 750ml ,$9.99,not available,750ml,https://www.aldi.com.au/fileadmin/_processed_/b/5/csm_ALN2853_WINE_1x1_228x128_2_3b8e86343f.jpg
liquor wine,Loire Valley Cabernet Franc Rosé 750ml ,$4.99,not available,750ml,https://www.aldi.com.au/fileadmin/_processed_/e/2/csm_ALN2230_Q1_WINE_1x1_228x128_18_32872f20da.jpg
liquor wine,South Point Estate Pink Moscato 750ml ,$10.99,not available,750ml,https://www.aldi.com.au/fileadmin/_processed_/f/3/csm_ALN2619_Q4_WEB_AUDIT_WINE_1x1_228x128_7_313f3182cf.jpg
liquor wine,Keeper’s Glove Tawny NV 750ml ,$4.99,not available,750ml,https://www.aldi.com.au/fileadmin/_processed_/4/5/csm_ALN2364_AWARDS_WINE_1x1_228x128_17_5267f5758e.jpg
liquor wine,Albertson's Reserve Soft Dry Red Cask 4L ,$8.49,not available,4L,https://www.aldi.com.au/fileadmin/_processed_/3/b/csm_ALN3077_WINE_1x1_228x128_2_0a678b7cc6.jpg
liquor wine,Brooke James Vintners Shiraz Cask 2L       ,$4.99,not available,2L,https://www.aldi.com.au/fileadmin/_processed_/8/e/csm_ALN3077_AWARD_WINE_1x1_228x128__de0d89282e.jpg
liquor wine, Brooke James Vitners Premium Cabernet Merlot Cask 2L   ,$7.49,not available,2L,https://www.aldi.com.au/fileadmin/_processed_/f/5/csm_ALN2230_Q1_WINE_1x1_228x128_21_a10a6f0fd8.jpg
liquor wine,A.C. Byrne & Co Margaret River Chardonnay 750ml ,$4.99,not available,750ml,https://www.aldi.com.au/fileadmin/_processed_/2/0/csm_ALN1075_1x1_LIQUOR_228x128_WINE___7606a0c367.jpg
liquor wine,Precious Earth Chardonnay 750ml ,$9.99,not available,750ml,https://www.aldi.com.au/fileadmin/_processed_/2/f/csm_ALN2670_Q1_WEB_AUDIT__WINE__1x1_228x128_12_2534d8a6ca.jpg
liquor wine,One Road Chardonnay 750ml ,$8.99,not available,750ml,https://www.aldi.com.au/fileadmin/_processed_/b/7/csm_ALC7440_1x1_228x128_3_9346512dbd.jpg
liquor wine,Grands Les Maurins Bordeaux Sauvignon Blanc 750ml ,$8.99,not available,750ml,https://www.aldi.com.au/fileadmin/_processed_/1/0/csm_ALN2230_Q1_WINE_1x1_228x128_13_c6ecacf9ed.jpg
liquor wine,South Point Estate Sauvignon Blanc 750ml ,$9.99,not available,750ml,https://www.aldi.com.au/fileadmin/_processed_/b/f/csm_ALN2670_Q1_WEB_AUDIT__WINE__1x1_228x128_5_48e5246a77.jpg
liquor wine,Kaiora Bay Marlborough Sauvignon Blanc 750ml ,$2.99,not available,750ml,https://www.aldi.com.au/fileadmin/_processed_/6/8/csm_ALN2364_AWARDS_WINE_1x1_228x128_32_86d2b3f3ed.jpg
liquor wine,Neve Marlborough/Hawkes Bay Sauvignon Blanc 750ml ,$6.49,not available,750ml,https://www.aldi.com.au/fileadmin/_processed_/8/8/csm_ALN0550_1x1_Q1-UPDATE_228x128_37282565f9.jpg
liquor wine,Kaiora Bay Reserve Marlborough Sauvignon Blanc 750ml ,$199,not available,750ml,https://www.aldi.com.au/fileadmin/_processed_/a/a/csm_ALN3077_WINE_1x1_228x128__6a60a9af0a.jpg
liquor wine,A.C. Byrne & Co Margaret River Sauvignon Blanc Semillon 750ml ,$7.99,not available,750ml,https://www.aldi.com.au/fileadmin/_processed_/2/7/csm_ALN2619_Q4_WEB_AUDIT_WINE_1x1_228x128_8_4cb3e97615.jpg
liquor wine,Little Birdwood Semillon Sauvignon Blanc 750ml ,$4.99,not available,750ml,https://www.aldi.com.au/fileadmin/_processed_/e/2/csm_ALN3248_Q1_WEB-AUDIT__WINE__1x1_228x128_1_8d18df4d92.jpg
liquor wine,Freya & Jules Watervale Clare Valley Riesling 750ml ,$9.49,not available,750ml,https://www.aldi.com.au/fileadmin/_processed_/9/e/csm_ALN2364_AWARDS_WINE_1x1_228x128_34_R_389343e025.jpg
liquor wine,Villa Elsa Pinot Grigio DOC Delle Venezie 750ml ,$8.49,not available,750ml,https://www.aldi.com.au/fileadmin/_processed_/d/4/csm_ALN2670_Q1_WEB_AUDIT__WINE__1x1_228x128_6_4b552e9f95.jpg
liquor wine,The Pond Pinot Grigio 750ml ,$6.99,not available,750ml,https://www.aldi.com.au/fileadmin/_processed_/6/b/csm_ALN3248_Q1_WEB-AUDIT__WINE__1x1_228x128_2_dc47076e8e.jpg
liquor wine,South Point Estate Pinot Grigio 750ml ,$12.99,not available,750ml,https://www.aldi.com.au/fileadmin/_processed_/b/0/csm_ALN2670_Q1_WEB_AUDIT__WINE__1x1_228x128_8_10149e5fcc.jpg
liquor wine,South Point Estate Moscato 750ml ,$7.99,not available,750ml,https://www.aldi.com.au/fileadmin/_processed_/0/8/csm_ALN3077_NON-AWARD_WINE_1x1_228x128_3_dfd0e8482e.jpg
liquor wine,Brooke James Vintners Semillon Sauvignon Blanc Cask 2L   ,$4.99,not available,2L,https://www.aldi.com.au/fileadmin/_processed_/5/7/csm_ALN2230_Q1_WINE_1x1_228x128_8_e4225409dc.jpg
liquor wine,Albertson's Reserve Soft Fruity White Cask 4L ,$2.99,not available,4L,https://www.aldi.com.au/fileadmin/_processed_/9/7/csm_ALN2364_AWARDS_WINE_1x1_228x128_37_fec9d86a8c.jpg
liquor wine,Albertson's Reserve Crisp Dry White Cask 4L ,$8.99,not available,4L,https://www.aldi.com.au/fileadmin/_processed_/a/b/csm_ALN3248_Q1_WEB-AUDIT__WINE__1x1_228x128_5_e0be4c4f54.jpg
liquor beer-cider,Storm Brewing Co. Premium Light Lager 6 x 330mL ,$7.99,not available,330mL,https://www.aldi.com.au/fileadmin/_processed_/6/9/csm_ALN2364_AWARDS_BEER_1x1_228x128_9_36178c103b.jpg
liquor beer-cider,Storm Brewing Co. Premium Super Dry Beer 6 x 330mL ,$9.99,not available,330mL,https://www.aldi.com.au/fileadmin/_processed_/4/0/csm_ALN2364_AWARDS_BEER_1x1_228x128_10_37ada1dcdd.jpg
liquor beer-cider,Fraser Briggs Premium Lager 6 x 330mL ,$9.99,not available,330mL,https://www.aldi.com.au/fileadmin/_processed_/2/3/csm_ALN2364_AWARDS_BEER_1x1_228x128_11_6f44120903.jpg
liquor beer-cider,Cape Cyan Natural Blonde Beer 6 x 330mL ,$9.99,not available,330mL,https://www.aldi.com.au/fileadmin/_processed_/2/d/csm_ALN2364_AWARDS_BEER_1x1_228x128_12_2403b16355.jpg
liquor beer-cider,Sainte Etienne Premium Lager 6 x 330mL ,$8.99,not available,330mL,https://www.aldi.com.au/fileadmin/_processed_/e/7/csm_ALN2364_AWARDS_BEER_1x1_228x128_13_ceafcb40c3.jpg
liquor beer-cider,Rivet Gold 12pk ,see price in store*,not available,12pk,https://www.aldi.com.au/fileadmin/_processed_/2/0/csm_ALN2364_AWARDS_BEER_1x1_228x128_2_884fd8c00f.jpg
liquor beer-cider,North of Nowhere Pale Ale 12 x 330mL ,see price in store*,not available,330mL,https://www.aldi.com.au/fileadmin/_processed_/a/a/csm_ALN2364_AWARDS_BEER_1x1_228x128_7_fabc1c9f7f.jpg
liquor beer-cider,Storm Brewing Co. Premium Light Lager 24 x 330mL ,see price in store*,not available,330mL,https://www.aldi.com.au/fileadmin/_processed_/d/d/csm_ALN2364_AWARDS_BEER_1x1_228x128_6_cedc9c5ea8.jpg
liquor beer-cider,Carlton Dry 12 x 330ml       ,$24.99,not available,330ml,https://www.aldi.com.au/fileadmin/_processed_/1/c/csm_ALN2362_Calton_Dry_12x330mL_1x1_228x128_a41aa34356.jpg
liquor beer-cider,Coopers Original Pale Ale 12 x 375mL   ,see price in store*,not available,375mL,https://www.aldi.com.au/fileadmin/_processed_/c/c/csm_ALN1075_BEER_CIDER_UPDATES_1x1_228x128__416147f988.jpg
liquor beer-cider,Corona Lager 12 x 355mL ,see price in store*,not available,355mL,https://www.aldi.com.au/fileadmin/_processed_/d/8/csm_ALN1075_BEER_CIDER_UPDATES_1x1_228x128_3_f040630b0f.jpg
liquor beer-cider,Rivet Lager 24 x 330mL ,see price in store*,not available,330mL,https://www.aldi.com.au/fileadmin/_processed_/0/c/csm_ALN2364_AWARDS_BEER_1x1_228x128_14_129e6e3840.jpg
liquor beer-cider,Sainte Etienne Premium Lager 24 x 330mL ,$2.,not available,330mL,https://www.aldi.com.au/fileadmin/_processed_/a/f/csm_ALN2364_AWARDS_BEER_1x1_228x128_8_adf8052fae.jpg
liquor beer-cider,Fraser Briggs Premium Lager 24 x 330mL ,$16.,not available,330mL,https://www.aldi.com.au/fileadmin/_processed_/8/0/csm_ALN2364_AWARDS_BEER_1x1_228x128_4_17f3ceac09.jpg
liquor beer-cider,Cape Cyan Natural Blonde Beer 24 x 330mL ,$9.,not available,330mL,https://www.aldi.com.au/fileadmin/_processed_/3/d/csm_ALN2364_AWARDS_BEER_1x1_228x128_5_01f44534ae.jpg
liquor beer-cider,Storm Brewing Co. Premium Super Dry Beer 24 x 330mL ,$9.,not available,330mL,https://www.aldi.com.au/fileadmin/_processed_/8/4/csm_ALN2364_AWARDS_BEER_1x1_228x128_3_9db37b2406.jpg
liquor beer-cider,Renberg Apple Cider 500mL  ,$2.,not available,500mL,https://www.aldi.com.au/fileadmin/_processed_/a/f/csm_ALC7718_LIQUOR_1x1_228x128_8_01_de40797e89.jpg
liquor beer-cider,Storm Brewing Co. Apple Cider 10 x 375mL ,$18.,not available,375mL,https://www.aldi.com.au/fileadmin/_processed_/c/d/csm_ALN2957_CIDER_UPDATE_1x1_228x128_c3563e55c1.jpg
liquor beer-cider,Devil’s Orchard Apple Cider 6 x 330mL,see price in store*,not available,330mL,https://www.aldi.com.au/fileadmin/_processed_/f/b/csm_ALN2230_Q1_BEER-CIDER_1x1_228x128_3_723fb2b531.jpg
liquor beer-cider,Devil's Orchard Pear Cider 6 x 330mL  ,see price in store*,not available,330mL,https://www.aldi.com.au/fileadmin/_processed_/3/8/csm_ALN2230_Q1_BEER-CIDER_1x1_228x128_4_0beae926c1.jpg
liquor beer-cider,Somersby Apple Cider 10 x 330mL,see price in store*,not available,330mL,https://www.aldi.com.au/fileadmin/_processed_/0/3/csm_ALN2230_Q1_BEER-CIDER_1x1_228x128_2_031423051d.jpg
liquor beer-cider, Renberg Swedish Pear Cider 500mL ,see price in store*,not available,500mL,https://www.aldi.com.au/fileadmin/_processed_/2/f/csm_ALN2230_Q1_BEER-CIDER_1x1_228x128__47599e02cb.jpg
liquor beer-cider,Leo Imported Lager 12 x 330mL ,see price in store*,not available,330mL,https://www.aldi.com.au/fileadmin/_processed_/d/7/csm_ALN2364_AWARDS_BEER_1x1_228x128__b4e89e74c3.jpg
